<record><leader>00000cas a22000007a 4500</leader><controlfield tag="001">11198347</controlfield><controlfield tag="008">840926d18741877iauwr ne      0    0eng d</controlfield><datafield ind1=" " ind2=" " tag="010"><subfield code="a">sn 84038195 </subfield></datafield><datafield ind1=" " ind2=" " tag="040"><subfield code="a">NPX</subfield><subfield code="b">eng</subfield><subfield code="c">NPX</subfield><subfield code="d">INP</subfield><subfield code="d">OCLCQ</subfield></datafield><datafield ind1=" " ind2=" " tag="042"><subfield code="a">msc</subfield></datafield><datafield ind1="0" ind2=" " tag="130"><subfield code="a">Beacon light (Guthrie Center, Iowa)</subfield></datafield><datafield ind1="1" ind2="4" tag="245"><subfield code="a">The beacon light.</subfield></datafield><datafield ind1=" " ind2=" " tag="260"><subfield code="a">Guthrie Center, Iowa :</subfield><subfield code="b">F.A. Mann</subfield></datafield><datafield ind1=" " ind2=" " tag="300"><subfield code="a">v.</subfield></datafield><datafield ind1=" " ind2=" " tag="310"><subfield code="a">Weekly</subfield></datafield><datafield ind1="1" ind2=" " tag="362"><subfield code="a">Began with May 20, 1874 issue; ceased in May 1877?</subfield><subfield code="z">Cf. Bibl. of Iowa newspapers.</subfield></datafield><datafield ind1=" " ind2=" " tag="500"><subfield code="a">Editor: F.A. Mann, &lt;1876&gt;.</subfield></datafield><datafield ind1=" " ind2=" " tag="588"><subfield code="a">Description based on: Vol. 3, no. 10 (July 26, 1876).</subfield></datafield><datafield ind1=" " ind2=" " tag="752"><subfield code="a">United States</subfield><subfield code="b">Iowa</subfield><subfield code="c">Guthrie</subfield><subfield code="d">Guthrie Center.</subfield></datafield><datafield ind1="0" ind2="0" tag="780"><subfield code="t">Guthrie County journal (1872)</subfield><subfield code="w">(DLC)sn 84027162</subfield></datafield><datafield ind1="0" ind2="0" tag="785"><subfield code="t">Guthrian</subfield><subfield code="w">(DLC)sn 85049818</subfield></datafield><datafield ind1="1" ind2=" " tag="029"><subfield code="a">AU@</subfield><subfield code="b">000025819351</subfield></datafield></record>